<record><leader>00000cas a22000007a 4500</leader><controlfield tag="001">9793753</controlfield><controlfield tag="008">830809d18451854mauwr ne      0    0eng d</controlfield><datafield ind1=" " ind2=" " tag="010"><subfield code="a">sn 83021097 </subfield></datafield><datafield ind1=" " ind2=" " tag="040"><subfield code="a">NPX</subfield><subfield code="b">eng</subfield><subfield code="c">NPX</subfield><subfield code="d">NPH</subfield><subfield code="d">MGN</subfield><subfield code="d">OCLCQ</subfield></datafield><datafield ind1=" " ind2=" " tag="042"><subfield code="a">msc</subfield></datafield><datafield ind1=" " ind2=" " tag="043"><subfield code="a">n-us-ma</subfield></datafield><datafield ind1="0" ind2="4" tag="245"><subfield code="a">The Westfield standard.</subfield></datafield><datafield ind1=" " ind2=" " tag="260"><subfield code="a">Westfield, Mass. :</subfield><subfield code="b">Hiram A. Beebe</subfield></datafield><datafield ind1=" " ind2=" " tag="300"><subfield code="a">v. ;</subfield><subfield code="c">56 cm.</subfield></datafield><datafield ind1=" " ind2=" " tag="310"><subfield code="a">Weekly</subfield></datafield><datafield ind1="1" ind2=" " tag="362"><subfield code="a">Began in Oct. 1845; ceased in Aug. 1854.</subfield></datafield><datafield ind1=" " ind2=" " tag="500"><subfield code="a">Editors: H.A. Beebe, 1845-&lt;1847&gt;; A. Bush, &lt;1849&gt;-1850; H.C. Moseley, Aug. 1850-&lt;1852&gt;; G.W. Cobb, 1852-&lt;1854&gt;.</subfield></datafield><datafield ind1=" " ind2=" " tag="500"><subfield code="a">Publishers: J.D. Bates, &lt;1847&gt;-Apr. 1848; William W. Whitman, Apr. 1848-&lt;Nov. 1848&gt;; Joseph M. Ely, &lt;1849&gt;-Dec. 1851, Gilbert W. Cobb, Jan. 1852-&lt;1854&gt;.</subfield></datafield><datafield ind1=" " ind2=" " tag="500"><subfield code="a">"Democratic."</subfield></datafield><datafield ind1=" " ind2=" " tag="515"><subfield code="a">Vol. 5, no. 40 (Aug. 14, 1850)-v. 9, no. 10 (Jan. 18, 1854) called also whole no. 248-426.</subfield></datafield><datafield ind1=" " ind2=" " tag="588"><subfield code="a">Description based on: Vol. 1, no. 10 (Dec. 10, 1845).</subfield></datafield><datafield ind1=" " ind2=" " tag="752"><subfield code="a">United States</subfield><subfield code="b">Massachusetts</subfield><subfield code="c">Hampden</subfield><subfield code="d">Westfield.</subfield></datafield><datafield ind1=" " ind2=" " tag="936"><subfield code="a">1854 Jan. 18</subfield></datafield><datafield ind1="1" ind2=" " tag="029"><subfield code="a">AU@</subfield><subfield code="b">000025801018</subfield></datafield></record>